=LDR  00000nam a2200000Ia 4500
=008  190927s9999||||xx\||||||||||||||\||spa||
=020  \\$aISBN
=041  \\$aIdioma
=100  \\$aAutores
=245  \0$aCampo Título
=260  \\$aLugar Edición$bEditorial$cAño de Publicación
=650  \\$aPalabras Clave

