=LDR  00000nam a2200000Ia 4500
=008  190927s9999||||xx\||||||||||||||\||spa||
=020  \\$a9789500763035
=041  \\$aEspañol
=100  \\$aFernández de Kirchner, Cristina
=245  \0$aSinceramente
=260  \\$aBuenos Aires$bSudamericana$c2019
=650  \\$aREPÚBLICA ARGENTINA;PRESIDENTE DE LA REPÚBLICA;BIOGRAFÍA

