=LDR  00000nam a2200000Ia 4500
=008  190927s9999||||xx\||||||||||||||\||spa||
=020  \\$a9789500762465
=041  \\$aEspañol
=100  \\$aEspert. José Luis
=245  \0$aLa sociedad cómplice
=260  \\$aBuenos Aires$bSiglo Veintiuno$c2018
=650  \\$aECONOMÍA; POLÍTICA

