=LDR  00000nam a2200000Ia 4500
=008  190927s9999||||xx\||||||||||||||\||spa||
=020  \\$a9789504967804
=041  \\$aEspañol
=100  \\$aLiascovich, Carlos
=245  \0$aLavagna, El hombre que quiere cerrar la grieta
=260  \\$aBuenos Aires$bPlaneta$c2019
=650  \\$aPOLÍTICA; AÑO 2001; CRISIS

