=LDR  00000nam a2200000Ia 4500
=008  190927s9999||||xx\||||||||||||||\||spa||
=020  \\$a9789500758420
=041  \\$aEspañol
=100  \\$aDi Marco, Laura
=245  \0$aMacri
=260  \\$aBuenos Aires$bSudamericana$c2016
=650  \\$aINVESTIGACIÓN PERIODÍSTICA; PRESIDENTE DE LA REPÚBLICA

